<?xml version="1.0" encoding="UTF-8"?><record xmlns="http://www.loc.gov/MARC21/slim" xmlns:cinclude="http://apache.org/cocoon/include/1.0" xmlns:zs="http://www.loc.gov/zing/srw/">
  <leader>00377nz  a2200121n  4500</leader>
  <controlfield tag="001">n  91002892 </controlfield>
  <controlfield tag="003">DLC</controlfield>
  <controlfield tag="005">19910110153243.7</controlfield>
  <controlfield tag="008">910110n| acannaab|          |n aaa |||  </controlfield>
  <datafield tag="010" ind1=" " ind2=" ">
    <subfield code="a">n  91002892 </subfield>
  </datafield>
  <datafield tag="040" ind1=" " ind2=" ">
    <subfield code="a">DLC</subfield>
    <subfield code="c">DLC</subfield>
  </datafield>
  <datafield tag="100" ind1="1" ind2="0">
    <subfield code="a">Glunt, Eric K.</subfield>
  </datafield>
  <datafield tag="670" ind1=" " ind2=" ">
    <subfield code="a">Clark, H. 1988 state of the neighborhoods report, 1988?:</subfield>
    <subfield code="b">t.p. (Eric K. Glunt, asst. proj. coord., Citizens Committee for NYC)</subfield>
  </datafield>
</record>